<record><leader>00000cas a22000007a 4500</leader><controlfield tag="001">11177353</controlfield><controlfield tag="008">840920d1854185uokuwr ne      0    0eng d</controlfield><datafield ind1=" " ind2=" " tag="010"><subfield code="a">sn 84038122 </subfield></datafield><datafield ind1=" " ind2=" " tag="040"><subfield code="a">NPX</subfield><subfield code="b">eng</subfield><subfield code="c">NPX</subfield><subfield code="d">PPM</subfield><subfield code="d">MGN</subfield><subfield code="d">CNK</subfield><subfield code="d">OCL</subfield><subfield code="d">OCLCQ</subfield><subfield code="d">OCLCF</subfield><subfield code="d">OCLCO</subfield></datafield><datafield ind1="1" ind2=" " tag="029"><subfield code="a">AU@</subfield><subfield code="b">000041054138</subfield></datafield><datafield ind1=" " ind2=" " tag="042"><subfield code="a">msc</subfield></datafield><datafield ind1=" " ind2=" " tag="043"><subfield code="a">n-us-ok</subfield></datafield><datafield ind1="0" ind2="0" tag="245"><subfield code="a">Chickasaw intelligencer.</subfield></datafield><datafield ind1=" " ind2=" " tag="260"><subfield code="a">Post-Oak Grove, Choctaw Nation [Okla.] :</subfield><subfield code="b">J.T. Daviess</subfield></datafield><datafield ind1=" " ind2=" " tag="300"><subfield code="a">v.</subfield></datafield><datafield ind1=" " ind2=" " tag="310"><subfield code="a">Weekly</subfield></datafield><datafield ind1="1" ind2=" " tag="362"><subfield code="a">Began in 1854? Cf. Foreman, C.F. Okla. imprints, 1835-1907.</subfield></datafield><datafield ind1=" " ind2=" " tag="500"><subfield code="a">Published in Fort Washita, Choctaw Nation [Okla.], &lt;Sept. 16, 1854&gt;-</subfield></datafield><datafield ind1=" " ind2=" " tag="500"><subfield code="a">Publishers: A.I. Hartley, &lt;Apr. 7, 1855&gt;; B.S. Love, J. Frazier, &amp; S. Folsom, &lt;Apr. 21, 1855&gt;.</subfield></datafield><datafield ind1=" " ind2=" " tag="588"><subfield code="a">Description based on: Vol. 1, no. 10 (June 3, 1854).</subfield></datafield><datafield ind1=" " ind2="0" tag="650"><subfield code="a">Chickasaw Indians</subfield><subfield code="z">Oklahoma</subfield><subfield code="v">Newspapers.</subfield></datafield><datafield ind1=" " ind2="7" tag="655"><subfield code="a">Newspapers.</subfield><subfield code="2">fast</subfield><subfield code="0">(OCoLC)fst01423814</subfield></datafield><datafield ind1=" " ind2="7" tag="650"><subfield code="a">Chickasaw Indians.</subfield><subfield code="2">fast</subfield><subfield code="0">(OCoLC)fst00854060</subfield></datafield><datafield ind1=" " ind2="7" tag="651"><subfield code="a">Oklahoma.</subfield><subfield code="2">fast</subfield><subfield code="0">(OCoLC)fst01205031</subfield></datafield><datafield ind1=" " ind2=" " tag="752"><subfield code="a">United States</subfield><subfield code="b">Oklahoma</subfield><subfield code="c">Bryan</subfield><subfield code="d">Fort Washita.</subfield></datafield><datafield ind1=" " ind2=" " tag="752"><subfield code="a">United States</subfield><subfield code="b">Oklahoma</subfield><subfield code="c">Bryan</subfield><subfield code="d">Post Oak Grove.</subfield></datafield></record>